@inproceedings{knoedel,
    title = {{Multi-touch RST in 2D and 3D Spaces: Studying the Impact of Directness on User Performance}},
    author = {Knoedel, Sebastian and Hachet, Martin},
    booktitle = {{IEEE 3DUI}},
    year = {2011},
    month = Mar,
}


@article{leeshadowdraw,
  title={ShadowDraw: Real-Time User Guidance for Freehand Drawing},
  author={Lee, Y.J. and Zitnick, C.L. and Cohen, M.F.},
  pages={1--1},
  year={2011},
  organization={ACM}
}

@inproceedings{vandoren2008intupaint,
  title={IntuPaint: Bridging the gap between physical and digital painting},
  author={Vandoren, P. and Van Laerhoven, T. and Claesen, L. and Taelman, J. and Raymaekers, C. and Van Reeth, F.},
  b/ooktitle={Horizontal Interactive Human Computer Systems, 2008. TABLETOP 2008. 3rd IEEE International Workshop on},
  pages={65--72},
  year={2008},
  organization={IEEE}
}

@inproceedings{hagbi2009shape,
  title={Shape recognition and pose estimation for mobile augmented reality},
  author={Hagbi, N. and Bergig, O. and El-Sana, J. and Billinghurst, M.},
  booktitle={Mixed and Augmented Reality, 2009. ISMAR 2009. 8th IEEE International Symposium on},
  pages={65--71},
  year={2009},
  organization={IEEE}
}

@inproceedings{koike2000interactive,
  title={Interactive textbook and interactive Venn diagram: natural and intuitive interfaces on augmented desk system},
  author={Koike, H. and Sato, Y. and Kobayashi, Y. and Tobita, H. and Kobayashi, M.},
  booktitle={Proceedings of the SIGCHI conference on Human factors in computing systems},
  pages={121--128},
  year={2000},
  organization={ACM}
}

@inproceedings{bandyopadhyay2001dynamic,
  title={Dynamic shader lamps: Painting on movable objects},
  author={Bandyopadhyay, D. and Raskar, R. and Fuchs, H.},
  booktitle={Augmented Reality, 2001. Proceedings. IEEE and ACM International Symposium on},
  pages={207--216},
  year={2001},
  organization={IEEE}
}

@article{tuytelaars2008local,
  title={Local invariant feature detectors: a survey},
  author={Tuytelaars, T. and Mikolajczyk, K.},
  journal={Foundations and Trends{\textregistered} in Computer Graphics and Vision},
  volume={3},
  number={3},
  pages={177--280},
  year={2008},
  publisher={Now Publishers Inc.}
}

@article{mikolajczyk2005performance,
  title={A performance evaluation of local descriptors},
  author={Mikolajczyk, K. and Schmid, C.},
  journal={Pattern Analysis and Machine Intelligence, IEEE Transactions on},
  volume={27},
  number={10},
  pages={1615--1630},
  year={2005},
  publisher={IEEE}
}

@article{mikolajczyk2005comparison,
  title={A comparison of affine region detectors},
  author={Mikolajczyk, K. and Tuytelaars, T. and Schmid, C. and Zisserman, A. and Matas, J. and Schaffalitzky, F. and Kadir, T. and Gool, L.V.},
  journal={International journal of computer vision},
  volume={65},
  number={1},
  pages={43--72},
  year={2005},
  publisher={Springer}
}
%A performance evaluation of local descriptors

@article{laviole:2012,
  AUTHOR = {Laviole, Jeremy and Hachet, Martin},
  TITLE = {{PapARt: interactive 3D graphics and multi-touch augmented paper for artistic creation.}},
  JOURNAL = {{IEEE Symposium on 3D User Interfaces 2012}},
  PUBLISHER = {IEEE},
  YEAR = {2012},
  MONTH = Mar,
  KEYWORDS = {artistic creation; drawing; augmented reality; depth camera},
  URL = {http://hal.inria.fr/hal-00662632/en}
}

@inproceedings{laviole2012spatial,
  title={Spatial augmented reality for physical drawing},
  author={Laviole, J. and Hachet, M.},
  booktitle={Adjunct proceedings of the 25th annual ACM symposium on User interface software and technology},
  pages={9--10},
  year={2012},
  organization={ACM}
}

@article{shotton2013real,
  title={Real-time human pose recognition in parts from single depth images},
  author={Shotton, Jamie and Sharp, Toby and Kipman, Alex and Fitzgibbon, Andrew and Finocchio, Mark and Blake, Andrew and Cook, Mat and Moore, Richard},
  journal={Communications of the ACM},
  volume={56},
  number={1},
  pages={116--124},
  year={2013},
  publisher={ACM}
}

@inproceedings{suma2011faast,
  title={Faast: The flexible action and articulated skeleton toolkit},
  author={Suma, Evan A and Lange, Belinda and Rizzo, A and Krum, DM and Bolas, Mark},
  booktitle={Virtual Reality Conference (VR), 2011 IEEE},
  pages={247--248},
  year={2011},
  organization={IEEE}
}


@inproceedings{laviole:hal-00671361,
    hal_id = {hal-00671361},
    url = {http://hal.inria.fr/hal-00671361},
    title = {{Digitally assisted stereo drawing}},
    author = {Laviole, J{\'e}r{\'e}my and Lotte, Fabien and Hachet, Martin},
    language = {Anglais},
    affiliation = {Laboratoire Bordelais de Recherche en Informatique - LaBRI , POTIOC - INRIA Bordeaux - Sud-Ouest},
    booktitle = {{The 3rd Dimension of CHI (3DCHI) - Workshop at CHI 2012}},
    address = {Austin, USA},
    year = {2012},
    month = May,
}

@inproceedings{casiez20121,
  title={1\texteuro ~filter: a simple speed-based low-pass filter for noisy input in interactive systems},
  author={Casiez, G{\'e}ry and Roussel, Nicolas and Vogel, Daniel},
  booktitle={Proceedings of the 2012 ACM annual conference on Human Factors in Computing Systems},
  pages={2527--2530},
  year={2012},
  organization={ACM}
}

@book{gernsheim1969history,
  title={The History of Photography: From the Camera Obscura to the Beginning of the Modern Era},
  author={Gernsheim, H. and Gernsheim, A.},
  isbn={9780500010600},
  lccn={71452052},
  url={http://books.google.fr/books?id=V4ObQgAACAAJ},
  year={1969},
  publisher={Thames \& Hudson}
}

@inproceedings{spindler2012use,
  title={Use your head: tangible windows for 3D information spaces in a tabletop environment},
  author={Spindler, Martin and B{\"u}schel, Wolfgang and Dachselt, Raimund},
  booktitle={Proceedings of the 2012 ACM international conference on Interactive tabletops and surfaces},
  pages={245--254},
  year={2012},
  organization={ACM}
}

@misc{gimp2004image,
  title={Image Manipulation Program},
  author={GIMP, GNU},
  year={2004}
}

@inproceedings{cao2006interacting,
  title={Interacting with dynamically defined information spaces using a handheld projector and a pen},
  author={Cao, X. and Balakrishnan, R.},
  booktitle={Proceedings of the 19th annual ACM symposium on User interface software and technology},
  pages={225--234},
  year={2006},
  organization={ACM}
}

@inproceedings{flagg2006projector,
  title={Projector-guided painting},
  author={Flagg, M. and Rehg, J.M.},
  booktitle={Proceedings of the 19th annual ACM symposium on User interface software and technology},
  pages={235--244},
  year={2006},
  organization={ACM}
}
@inproceedings{dunser2010evaluation,
  title={Evaluation of Tangible User Interfaces for Desktop AR},
  author={D{\\"u}nser, A. and Looser, J. and Grasset, R. and Seichter, H. and Billinghurst, M.},
  booktitle={2010 International Symposium on Ubiquitous Virtual Reality},
  pages={36--39},
  year={2010},
  organization={IEEE}
}

@article{ben2001urban,
  title={Urban Simulation and the Luminous Planning Table},
  author={Ben-Joseph, E. and Ishii, H. and Underkoffler, J. and Piper, B. and Yeung, L.},
  journal={Journal of planning Education and Research},
  volume={21},
  number={2},
  pages={196},
  year={2001},
  publisher={Sage Publications}
}

@book{sellen2003myth,
  title={The myth of the paperless office},
  author={Sellen, A.J. and Harper, R.H.R.},
  year={2003},
  publisher={The MIT Press}
}

@inproceedings{tsandilas2009mus,
  title={Mus ink: composing music through augmented drawing},
  author={Tsandilas, T. and Letondal, C. and Mackay, W.E.},
  booktitle={Proceedings of the 27th international conference on Human factors in computing systems},
  pages={819--828},
  year={2009},
  organization={ACM}
}

@article{seok2008tracing,
  title={Tracing handwriting on paper document under video camera},
  author={Seok, J.H. and Levasseur, S. and Kim, K.E. and Kim, J.H.},
  journal={Proc. ICFHR},
  year={2008}
}

@inproceedings{lee2007handy,
  title={Handy AR: Markerless inspection of augmented reality objects using fingertip tracking},
  author={Lee, T. and Hollerer, T.},
  booktitle={Wearable Computers, 2007 11th IEEE International Symposium on},
  pages={83--90},
  year={2007},
  organization={IEEE}
}

@inproceedings{VBGS08,
  author       = "Vergne, Romain and Barla, Pascal and Granier, Xavier and Schlick, Christophe",
  title        = "Apparent relief: a shape descriptor for stylized shading",
  booktitle    = "NPAR '08: Proceedings of the 6th international symposium on Non-photorealistic animation and rendering",
  pages        = "23--29",
  year         = "2008",
  publisher    = "ACM",
  url          = "http://iparla.inria.fr/publications/2008/VBGS08"
}

@inproceedings{haeberli1990paint,
  title={Paint by numbers: Abstract image representations},
  author={Haeberli, Paul},
  booktitle={ACM SIGGRAPH Computer Graphics},
  volume={24},
  number={4},
  pages={207--214},
  year={1990},
  organization={ACM}
}

@book{gooch2001non,
  title={Non-photorealistic rendering},
  author={Gooch, Bruce and Gooch, Amy},
  volume={201},
  year={2001},
  publisher={AK Peters Wellesley}
}


@inproceedings{porter2010validating,
  title={Validating Spatial Augmented Reality for interactive rapid prototyping},
  author={Porter, S.R. and Marner, M.R. and Smith, R.T. and Zucco, J.E. and Thomas, B.H.},
  booktitle={Mixed and Augmented Reality (ISMAR), 2010 9th IEEE International Symposium on},
  pages={265--266},
  year={2010},
  organization={IEEE}
}

@book{hartley2008multiple,
  title={Multiple view geometry in computer vision},
  author={Hartley, R.},
  year={2008},
  publisher={Cambridge university press}
}

@book{figuredrawing,
  title={Figure Drawing for All It's Worth},
  author={Andrew Loomis},
  year={1949},
  publisher={The Viking Press; 1st edition.}
}


@book{dessinfacile,
  Author = {Hachette},
  Title = {Cours de dessin faciles (French Edition)},
  Publisher = {HACHETTE COLLECTION},
  Year = {2009},
  ISBN = {2013303971},
  URL = {http://www.amazon.com/Cours-dessin-faciles-French-Hachette/dp/2013303971%3FSubscriptionId%3D0JYN1NVW651KCA56C102%26tag%3Dtechkie-20%26linkCode%3Dxm2%26camp%3D2025%26creative%3D165953%26creativeASIN%3D2013303971}
}

@book{dessinfiches,
  Author={Collectif Edigo},
  Title={Dessin Fiches pratiques (French)},
  Publisher={Edigo},
  Year={2010},
  ISBN={978-2-35933-088-5},
  URL = {http://www.eyrolles.com/Loisirs/Livre/le-dessin-en-25-fiches-pratiques-9782359330885}
}

@Book{dubosque2009dessiner,
 author = {DuBosque, D},
 title = {Dessiner pas à pas},  
 publisher = {Evergreen},
 year = {2009},
 address = {Köln},
 isbn = {9783836518482}
}

@book{dessiner-ronin,
  Author = {Gilles Ronin},
  Title = {Dessiner - pas a pas (French Edition)},
  Publisher = {Larousse},
  Year = {},
  ISBN = {2035857767},
  URL = {http://www.amazon.com/Dessiner-pas-%C3%83-French/dp/2035857767%3FSubscriptionId%3D0JYN1NVW651KCA56C102%26tag%3Dtechkie-20%26linkCode%3Dxm2%26camp%3D2025%26creative%3D165953%26creativeASIN%3D2035857767}
}

@book{cours-complet,
 Author = {David Sanmiguel},
 Title = {Cours complet de Dessin},
 Publisher = {Dessain et Tolra},
 Year = {2009},
 ISBN = {2295002451}
}


@inproceedings{wagner2007artoolkitplus,
  title={Artoolkitplus for pose tracking on mobile devices},
  author={Wagner, D. and Schmalstieg, D.},
  booktitle={Computer Vision Winter Workshop},
  pages={6--8},
  year={2007},
  organization={Citeseer}
}

@article{opencv_library,
    author = {Bradski, G.},
    citeulike-article-id = {2236121},
    journal = {Dr. Dobb's Journal of Software Tools},
    keywords = {bibtex-import},
    posted-at = {2008-01-15 19:21:54},
    priority = {4},
    title = {{The OpenCV Library}},
    year = {2000}
}

@inproceedings{benko2006precise,
  title={Precise selection techniques for multi-touch screens},
  author={Benko, H. and Wilson, A.D. and Baudisch, P.},
  booktitle={Proceedings of the SIGCHI conference on Human Factors in computing systems},
  pages={1263--1272},
  year={2006},
  organization={ACM}
}


@inproceedings{vogel2007shift,
  title={Shift: a technique for operating pen-based interfaces using touch},
  author={Vogel, D. and Baudisch, P.},
  booktitle={Proceedings of the SIGCHI conference on Human factors in computing systems},
  pages={657--666},
  year={2007},
  organization={ACM}
}

@inproceedings{cole2008people,
  title={Where do people draw lines?},
  author={Cole, F. and Golovinskiy, A. and Limpaecher, A. and Barros, H.S. and Finkelstein, A. and Funkhouser, T. and Rusinkiewicz, S.},
  booktitle={ACM SIGGRAPH 2008 papers},
  pages={1--11},
  year={2008},
  organization={ACM}
}

@article{cole2009well,
  title={How well do line drawings depict shape?},
  author={Cole, Forrester and Sanik, Kevin and DeCarlo, Doug and Finkelstein, Adam and Funkhouser, Thomas and Rusinkiewicz, Szymon and Singh, Manish},
  journal={ACM Transactions on Graphics-TOG},
  volume={28},
  number={3},
  pages={28},
  year={2009}
}

@inproceedings{harrison2011omnitouch,
  title={OmniTouch: wearable multitouch interaction everywhere},
  author={Harrison, C. and Benko, H. and Wilson, A.D.},
  booktitle={Proceedings of the 24th annual ACM symposium on User interface software and technology},
  pages={441--450},
  year={2011},
  organization={ACM}
}

@inproceedings{sato2012touche,
  title={Touch{\'e}: enhancing touch interaction on humans, screens, liquids, and everyday objects},
  author={Sato, Munehiko and Poupyrev, Ivan and Harrison, Chris},
  booktitle={Proceedings of the 2012 ACM annual conference on Human Factors in Computing Systems},
  pages={483--492},
  year={2012},
  organization={ACM}
}

@inproceedings{cohn2012humantenna,
  title={Humantenna: using the body as an antenna for real-time whole-body interaction},
  author={Cohn, Gabe and Morris, Daniel and Patel, Shwetak and Tan, Desney},
  booktitle={Proceedings of the 2012 ACM annual conference on Human Factors in Computing Systems},
  pages={1901--1910},
  year={2012},
  organization={ACM}
}


@article{tuytelaars2008local,
  title={Local invariant feature detectors: a survey},
  author={Tuytelaars, T. and Mikolajczyk, K.},
  journal={Foundations and Trends{\textregistered} in Computer Graphics and Vision},
  volume={3},
  number={3},
  pages={177--280},
  year={2008},
  publisher={Now Publishers Inc.}
}

@inproceedings{Wilson:2010,
 author = {Wilson, Andrew D.},
 title = {Using a depth camera as a touch sensor},
 booktitle = {ACM International Conference on Interactive Tabletops and Surfaces},
 series = {ITS '10},
 year = {2010},
 isbn = {978-1-4503-0399-6},
 location = {Saarbr\&\#252;cken, Germany},
 pages = {69--72},
 numpages = {4},
 url = {http://doi.acm.org/10.1145/1936652.1936665},
 doi = {http://doi.acm.org/10.1145/1936652.1936665},
 acmid = {1936665},
 publisher = {ACM},
 address = {New York, NY, USA},
 keywords = {depth-sensing cameras, touchscreen interfaces},
} 

@inproceedings{baudisch2001focus,
  title={Focus plus context screens: combining display technology with visualization techniques},
  author={Baudisch, P. and Good, N. and Stewart, P.},
  booktitle={Proceedings of the 14th annual ACM symposium on User interface software and technology},
  pages={31--40},
  year={2001},
  organization={ACM}
}

@inproceedings{moscovich2009contact,
  title={Contact area interaction with sliding widgets},
  author={Moscovich, T.},
  booktitle={Proceedings of the 22nd annual ACM symposium on User interface software and technology},
  pages={13--22},
  year={2009},
  organization={ACM}
}

@inproceedings{audet2007shadow,
  title={Shadow removal in front projection environments using object tracking},
  author={Audet, S. and Cooperstock, J.R.},
  booktitle={Computer Vision and Pattern Recognition, 2007. CVPR'07.},
  pages={1--8},
  organization={IEEE}
}

@inproceedings{song2010mouselight,
  title={MouseLight: bimanual interactions on digital paper using a pen and a spatially-aware mobile projector},
  author={Song, H. and Guimbretiere, F. and Grossman, T. and Fitzmaurice, G.},
  booktitle={Proceedings of the 28th international conference on Human factors in computing systems},
  pages={2451--2460},
  year={2010},
  organization={ACM}
}

@ONLINE{javacv,
author = {Samuel Audet},
title = {JavaCV},
month = June,
year = {2011},
howpublished={http://code.google.com/p/javacv/},
url = {http://code.google.com/p/javacv/}
}

@ONLINE{processing,
  title = {Processing},
  month = April,
  year = {2013},
  howpublished={http://processing.org/about/}
}


@inproceedings{jones2010build,
  title={Build your world and play in it: Interacting with surface particles on complex objects},
  author={Jones, B.R. and Sodhi, R. and Campbell, R.H. and Garnett, G. and Bailey, B.P.},
  booktitle={Mixed and Augmented Reality (ISMAR), 2010 9th IEEE International Symposium on},
  pages={165--174},
  year={2010},
  organization={IEEE}
}

@article{cassinelli2009volume,
  title={Volume slicing display},
  author={Cassinelli, A. and Ishikawa, M.},
  journal={SIGGRAPH ASIA},
  pages={88},
  year={2009}
}

@inproceedings{raskar2001shader,
  title={Shader lamps: Animating real objects with image-based illumination},
  author={Raskar, R. and Welch, G. and Low, K.L. and Bandyopadhyay, D.},
  booktitle={Rendering Techniques 2001: Eurographics Workshop, United Kingdom, June 25-27, 2001},
  pages={89},
  year={2001},
  organization={Springer Verlag Wien}
}

@inproceedings{raskar1999table	,
  title={Table-top spatially-augmented reality: Bringing physical models to life with projected imagery},
  author={Raskar, R. and Welch, G. and Chen, W.C.},
  booktitle={iwar},
  pages={64},
  year={1999},
  organization={Published by the IEEE Computer Society}
}

@article{grabli2010programmable,
  title={Programmable rendering of line drawing from 3D scenes},
  author={Grabli, S. and Turquin, E. and Durand, F. and Sillion, F.X.},
  journal={ACM Transactions on Graphics (TOG)},
  volume={29},
  number={2},
  pages={18},
  year={2010},
  publisher={ACM}
}

@inproceedings{hertzmann2001image,
  title={Image analogies},
  author={Hertzmann, A. and Jacobs, C.E. and Oliver, N. and Curless, B. and Salesin, D.H.},
  booktitle={Proceedings of the 28th annual conference on Computer graphics and interactive techniques},
  pages={327--340},
  year={2001},
  organization={ACM}
}

@inproceedings{audet2010direct,
  title={Direct image alignment of projector-camera systems with planar surfaces},
  author={Audet, S. and Okutomi, M. and Tanaka, M.},
  booktitle={Conference on Computer Vision and Pattern Recognition, CVPR 2010, San Francisco}, 
  pages={303--310},
  year={2010},
  organization={IEEE}
}


@inproceedings{audet2009user,
  title={A user-friendly method to geometrically calibrate projector-camera systems},
  author={Audet, S. and Okutomi, M.},
  booktitle={Computer Vision and Pattern Recognition Workshops, 2009. CVPR Workshops 2009. IEEE Computer Society Conference on},
  pages={47--54},
  year={2009},
  organization={IEEE}
}


@inproceedings{raffle2007jabberstamp,
  title={Jabberstamp: embedding sound and voice in traditional drawings},
  author={Raffle, H. and Vaucelle, C. and Wang, R. and Ishii, H.},
  booktitle={Proceedings of the 6th international conference on Interaction design and children},
  pages={137--144},
  year={2007},
  organization={ACM}
}


@article{haller2006shared,
  title={Shared Design Space: Sketching ideas using digital pens and a large augmented tabletop setup},
  author={Haller, M. and Brandl, P. and Leithinger, D. and Leitner, J. and Seifried, T. and Billinghurst, M.},
  journal={Advances in Artificial Reality and Tele-Existence},
  pages={185--196},
  year={2006},
  publisher={Springer}
}


@inproceedings{mistry2011mouseless,
  title={Mouseless: a computer mouse as small as invisible},
  author={Mistry, P. and Maes, P.},
  booktitle={Proceedings of the 2011 annual conference extended abstracts on Human factors in computing systems},
  pages={1099--1104},
  year={2011},
  organization={ACM}
}

@inproceedings{kato1999marker,
  title={Marker tracking and hmd calibration for a video-based augmented reality conferencing system},
  author={Kato, H. and Billinghurst, M.},
  booktitle={iwar},
  pages={85},
  year={1999},
  organization={Published by the IEEE Computer Society}
}

@inproceedingsc{liao2005papiercraft,
  title={PapierCraft: a command system for interactive paper},
  author={Liao, C. and Guimbreti{\`e}re, F. and Hinckley, K.},
  booktitle={Proceedings of the 18th annual ACM symposium on User interface software and technology},
  pages={241--244},
  year={2005},
  organization={ACM}
}

@inproceedings{kaplan2010papercomp,
  title={PaperComp 2010: first international workshop on paper computing},
  author={Kaplan, F. and Jermann, P.},
  booktitle={Proceedings of the 12th ACM international conference adjunct papers on Ubiquitous computing},
  pages={507--510},
  year={2010},
  organization={ACM}
}


@inproceedings{guimbretière2003paper,
  title={Paper augmented digital documents},
  author={Guimbreti{\`e}re, F.},
  booktitle={Proceedings of the 16th annual ACM symposium on User interface software and technology},
  pages={51--60},
  year={2003},
  organization={ACM}
}

@inproceedings{lucchi2010empirical,
  title={An empirical evaluation of touch and tangible interfaces for tabletop displays},
  author={Lucchi, A. and Jermann, P. and Zufferey, G. and Dillenbourg, P.},
  booktitle={Proceedings of the fourth international conference on Tangible, embedded, and embodied interaction},
  pages={177--184},
  year={2010},
  organization={ACM}
}


@inproceedings{rekimoto1999augmented,
  title={Augmented surfaces: a spatially continuous work space for hybrid computing environments},
  author={Rekimoto, J. and Saitoh, M.},
  booktitle={Proceedings of the SIGCHI conference on Human factors in computing systems: the CHI is the limit},
  pages={378--385},
  year={1999},
  organization={ACM}
}

@inproceedings{mistry2011sparsh,
  title={SPARSH: passing data using the body as a medium},
  author={Mistry, P. and Nanayakkara, S. and Maes, P.},
  booktitle={Proceedings of the ACM 2011 conference on Computer supported cooperative work},
  pages={689--692},
  year={2011},
  organization={ACM}
}

@ONLINE{irisNotes,
  title={Iris Notes},
  howpublished={http://www.irislink.com}
}


@inproceedings{kauranen2004anoto,
  title={The ANOTO pen--Why light scattering matters},
  author={Kauranen, P.},
  booktitle={International Workshop on Microfactories. Shanghai},
  year={2004}
}

@article{wellner1993interacting,
  title={Interacting with paper on the DigitalDesk},
  author={Wellner, P.},
  journal={Communications of the ACM},
  volume={36},
  number={7},
  pages={87--96},
  year={1993},
  publisher={ACM}
}

@inproceedings{zhou2008trends,
  title={Trends in augmented reality tracking, interaction and display: A review of ten years of ISMAR},
  author={Zhou, F. and Duh, H.B.L. and Billinghurst, M.},
  booktitle={Mixed and Augmented Reality, 2008. ISMAR 2008. 7th IEEE/ACM International Symposium on},
  pages={193--202},
  year={2008},
  organization={IEEE/ACM}
}

@article{ullmer2000emerging,
  title={Emerging frameworks for tangible user interfaces},
  author={Ullmer, Brygg and Ishii, Hiroshi},
  journal={IBM systems journal},
  volume={39},
  number={3.4},
  pages={915--931},
  year={2000},
  publisher={IBM}
}


@inproceedings{wilson2010combining,
  title={Combining multiple depth cameras and projectors for interactions on, above and between surfaces},
  author={Wilson, A.D. and Benko, H.},
  booktitle={Proceedings of the 23nd annual ACM symposium on User interface software and technology},
  pages={273--282},
  year={2010},
  organization={ACM}
}

@inproceedings{sodhi2012lightguide,
  title={LightGuide: projected visualizations for hand movement guidance},
  author={Sodhi, R. and Benko, H. and Wilson, A.},
  booktitle={Proceedings of the 2012 ACM annual conference on Human Factors in Computing Systems},
  pages={179--188},
  year={2012},
  organization={ACM}
}

@inproceedings{wilson2007depth,
  title={Depth-sensing video cameras for 3D tangible tabletop interaction},
  author={Wilson, A.D.},
  booktitle={Horizontal Interactive Human-Computer Systems, 2007. TABLETOP'07. Second Annual IEEE International Workshop on},
  pages={201--204},
  year={2007},
  organization={IEEE}
}

@inproceedings{mistry2009wuw,
  title={WUW-wear Ur world: a wearable gestural interface},
  author={Mistry, P. and Maes, P. and Chang, L.},
  booktitle={Proceedings of the 27th international conference extended abstracts on Human factors in computing systems},
  pages={4111--4116},
  year={2009},
  organization={ACM}
}

@inproceedings{mistry2009sixthsense,
  title={SixthSense: a wearable gestural interface},
  author={Mistry, P. and Maes, P.},
  booktitle={ACM SIGGRAPH ASIA 2009 Sketches},
  pages={1--1},
  year={2009},
  organization={ACM}
}


@manual{kitware2003,
  title = {The Visualization Toolkit User's Guide},
  organization = {Kitware, Inc.},
  year = {2003},
  month = {January}
}

@misc{notes2002,
  author = {Georges Grinstein and Daniel Keim and Matthew Ward},
  title = {Information Visualization, Visual Data Mining, and Its Application to Drug Design},
  howpublished = {IEEE Visualization 2002 Course \#1 Notes},
  month = {October},
  year = {2002}
}

@article{Max:1995:OMF,
  author = "Nelson Max",
  title = "Optical models for direct volume rendering",
  year = "1995",
  month = jun,
  journal = "IEEE Transactions on Visualization and Computer
    Graphics",
  volume = "1",
  number = "2",
  pages = "99--108",
}

@book{ware:2004:IVP,
  author = "Colin Ware",
  title = "Information Visualization: Perception for Design",
  edition = "second",
  year = 2004,
  publisher = "Morgan Kaufmann Publishers",
}

@mastersthesis{kindlmann:1999:SAG,
  author = "Gordon Kindlmann",
  title = "Semi-Automatic Generation of Transfer Functions for Direct Volume Rendering",
  school = "Cornell University",
  year = 1999,
}

@phdthesis{levoy:1989:DSV,
  author = "Marc Levoy",
  title = "Display of Surfaces from Volume Data",
  school = "University of North Carolina at Chapel Hill",
  year = 1989,
}

@inproceedings{Lorensen:1987:MCA,
  author = "William E. Lorensen and Harvey E. Cline",
  title = "Marching Cubes: A High Resolution 3D Surface Construction Algorithm",
  year = "1987",
  month = jul,
  booktitle = "Computer Graphics (Proceedings of SIGGRAPH 87)",
  volume = 21,
  pages = "163--169",
}

@inproceedings{Nielson:1991:TAD,
  author = "Gregory M. Nielson and Bernd Hamann",
  title = "The Asymptotic Decider: Removing the Ambiguity in Marching Cubes",
  year = "1991",
  booktitle = "Visualization '91",
  pages = "83--91",
}

@article{sajadi2012edge,
  title={Edge-guided resolution enhancement in projectors via optical pixel sharing},
  author={Sajadi, B. and Gopi, M. and Majumder, A.},
  journal={ACM Transactions on Graphics (TOG)},
  volume={31},
  number={4},
  pages={79},
  year={2012},
  publisher={ACM}
}



@article{puce1996differential,
  title={Differential sensitivity of human visual cortex to faces, letterstrings, and textures: a functional magnetic resonance imaging study},
  author={Puce, Aina and Allison, Truett and Asgari, Maryam and Gore, John C and McCarthy, Gregory},
  journal={The Journal of Neuroscience},
  volume={16},
  number={16},
  pages={5205--5215},
  year={1996},
  publisher={Soc Neuroscience}
}
